% This file was created with JabRef 2.6.
% Encoding: Cp1252

@BOOK{Atkins,
  title = {Molecular Quantum Mechanics, 4th Edition},
  publisher = {Oxford University Press},
  year = {2005},
  author = {Atkins, Peter and Friedman, Ronald},
  owner = {hkurtz},
  timestamp = {2011.01.05}
}

@ARTICLE{Boys,
  author = {Boys, S. F},
  journal = {Proc. R. Sco. (London)},
  year = {1950},
  volume = {A200},
  pages = {542},
  owner = {hkurtz},
  timestamp = {2011.05.31}
}

@ARTICLE{SBKpot3,
  author = {Cundari, T. R. and Stevens, W. J.},
  title = {Effective core potential methods for the lanthanides},
  journal = {J. Chem. Phys.},
  year = {1993},
  volume = {98},
  pages = {5555}
}

@INBOOK{Dolg00,
  chapter = {Effective Core Potentials},
  pages = {507-540},
  title = {Modern Methods and Algoritms of Quantum Chemistry, Proceedings},
  publisher = {John von Neumann Institute for Computing},
  year = {2000},
  editor = {Grotendorst, J.},
  author = {Dolg, Michael},
  owner = {hkurtz},
  timestamp = {2011.03.31}
}

@ARTICLE{FedKit07,
  author = {Dmitri G. Fedorov and Kazuo Kitaura},
  title = {Extending the Power of Quantum Chemistry to Large Systems with the
	Fragment Molecular Orbital Method},
  journal = {J. Phys. Chem. A},
  year = {2007},
  volume = {111},
  pages = {6904-6914},
  owner = {hkurtz},
  timestamp = {2011.03.07}
}

@ARTICLE{FedKit04,
  author = {D. G. Fedorov and K. Kitaura},
  title = {The Importance of three-body erms in the fragment molecular orbital
	method},
  journal = {J. Chem. Phys.},
  year = {2004},
  volume = {120},
  pages = {6832-6840},
  owner = {hkurtz},
  timestamp = {2011.03.07}
}

@ARTICLE{HayWadt1,
  author = {Hay, P. J. and Wadt, W. R.},
  title = {Ab initio effective core potentials for molecular calculations. Potentials
	for the trnasition metal atoms Sc to Hg},
  journal = {J. Chem. PHys.},
  year = {1985},
  volume = {82},
  pages = {270},
  owner = {hkurtz},
  timestamp = {2011.03.30}
}

@ARTICLE{HayWadt2,
  author = {Hay, P. J. and Wadt, W. R.},
  title = {Ab initio effective core potentials for molecular calculations. Potentials
	for main group elements Na to Bi},
  journal = {J. Chem. Phys.},
  year = {1985},
  volume = {82},
  pages = {284},
  owner = {hkurtz},
  timestamp = {2011.03.30}
}

@ARTICLE{HayWadt3,
  author = {Hay, P. J. and Wadt, W. R.},
  title = {Ab initio effective core potentials for molecular calculations. Potentials
	for K to Au including the outermost core orbitals},
  journal = {J. Chem. Phys.},
  year = {1985},
  volume = {82},
  pages = {299},
  owner = {hkurtz},
  timestamp = {2011.03.30}
}

@ARTICLE{Hohenberg,
  author = {Hohenberg, P. and Kohn, W.},
  journal = {Physical Review},
  year = {1964},
  volume = {B136},
  pages = {864},
  owner = {hkurtz},
  timestamp = {2011.01.04}
}

@ARTICLE{KohnSham,
  author = {Kohn, W. and Sham, I. J.},
  journal = {Physical Review},
  year = {1963},
  volume = {A140},
  pages = {1133},
  owner = {hkurtz},
  timestamp = {2011.01.04}
}

@ARTICLE{POL55,
  author = {L\H{o}wdin, P.-O.},
  journal = {Physical Review},
  year = {1955},
  volume = {97},
  pages = {1474--1489}
}

@ARTICLE{GAMESS,
  author = {Schmidt, M. W. and Baldridge, K. K. and Boatz, J. A. and Elbert,
	S. T. and Gordon, M. S. and Jensen, J. M. and Koseki, S. and Matsunaga,
	N. and Nguyen, K. A. and Su, S. J. and Windus, T. L. and Dupuis,M.
	and Montgomery, J. A.},
  journal = {J. Comput. Chem.},
  year = {1993},
  volume = {14},
  pages = {1347}
}

@BOOK{ShavBart,
  title = {Many-Body Methods in Chemistry adn Physics MBPT and Coupled-Cluster
	Theory},
  publisher = {Cambridge University Press},
  year = {2009},
  author = {Shavitt, I and Bartlett, Rodney J.},
  owner = {hkurtz},
  timestamp = {2011.01.05}
}

@ARTICLE{SBKpot1,
  author = {Stevens, W. J. and Basch H. and Krauss M.},
  title = {Compact effective potentials and efficient shared-exponent basis
	sets for the first- and second-row atoms.},
  journal = {J. Chem. Phys.},
  year = {1984},
  volume = {109},
  pages = {3875},
  owner = {hkurtz},
  timestamp = {2011.03.30}
}

@ARTICLE{SBKpot2,
  author = {Stevens, W. J. and Krauss, M. and Basch, H. and Jasien, P. G.},
  journal = {Can. J. Chem.},
  year = {1992},
  volume = {70},
  pages = {612}
}

@BOOK{SzaboOstland,
  title = {Modern Quantum Chemistry: Introduction to Advanced Electronic Structure
	Theory},
  publisher = {McGraw-Hill},
  year = {1989},
  author = {Szabo,  Attila and Ostland, Neil S.},
  owner = {hkurtz},
  timestamp = {2011.06.01}
}

@ARTICLE{VPrinc,
  author = {unknown},
  title = {variational principle},
  journal = {none yet},
  year = {1900},
  volume = {0},
  pages = {0},
  owner = {hkurtz},
  timestamp = {2011.01.04}
}

@ARTICLE{auref,
  author = {who knows},
  title = { Atomic Unit reference},
  journal = {some jounral},
  year = {1900},
  volume = {0},
  pages = {0}
}

@ARTICLE{BOref,
  author = {whoknows},
  title = { BO reference},
  journal = {some journal},
  year = {1900},
  volume = {0},
  pages = {0}
}

@BOOK{FedKit,
  title = {The Fragment Molecular Orbital Method: Practical Applications to
	Large Molecular Systems},
  publisher = {CRC Press},
  year = {2009},
  editor = {Fedorov, Dmiitr G. and Kitaura, Kazuo},
  owner = {hkurtz},
  timestamp = {2011.01.21}
}

